@Book{zbMATH05549721,
 Author = {Silverman, Joseph H.},
 Title = {The Arithmetic of Elliptic Curves},
 FJournal = {{Graduate Texts in Mathematics}},
 Journal = {{Grad. Texts Math.}},
 ISSN = {0072-5285; 2197-5612/e},
 Volume = {106},
 Edition = {2nd ed.},
 ISBN = {978-0-387-09493-9/hbk; 978-0-387-09494-6/ebook},
 Pages = {xx + 513},
 Year = {2009},
 Publisher = {New York, NY: Springer},
 Language = {English},
 MSC2010 = {11-01 11G05 14-01 11G07 11G10 11G20 11G40 14H52 14G05 11Gxx 14H25 11Y16 20J06},
 Zbl = {1194.11005}
}
